@book{KommunikasjonForLedere,
author = {{Brønn og Arnulf}},
edition = {2},
publisher = {Fagbokforlaget},
title = {{Kommunikasjon for ledere og organisasjoner}},
year = {2019}
}

@misc{estudie,
author = {{estudie - internkommunikasjon}},
howpublished = {\url{https://estudie.no/internkommunikasjon/}},
note = {Aksessert: 2019-04-03},
year = {2019}
}
https://www.bi.no/forskning/business-review/articles/2013/11/den-inspirerende-leder/

@book{PerspektiverLedelse,
author = {{Martinsen}},
edition = {3},
publisher = {Gyldendal},
title = {{Perspektiver på ledelse}},
year = {2009}
}

@misc{inspirerendeLeder,
author = {{Den inspirerende leder}},
howpublished = {\url{https://www.bi.no/forskning/business-review/articles/2013/11/den-inspirerende-leder/}},
note = {Aksessert: 2019-04-07},
year = {2013}
}

@misc{kvantitativMetode,
author = {{Kvantitativ metode}},
howpublished = {\url{https://no.wikipedia.org/wiki/Kvantitativ_metode}},
note = {Aksessert: 2019-03-26},
year = {2018}
}

@misc{kvalitativMetode,
author = {{Kvalitativ metode}},
howpublished = {\url{https://www.etikkom.no/forskningsetiske-retningslinjer/medisin-og-helse/kvalitativ-forskning/1-kvalitative-og-kvantitative-forskningsmetoder--likheter-og-forskjeller/}},
note = {Aksessert: 2019-03-26},
year = {2010}
}

@misc{validitet,
author = {{Validitet}},
howpublished = {\url{https://snl.no/validitet}},
note = {Aksessert: 2019-03-26},
year = {2018}
}

